LaTeX 使用 BibTeX 程序自动从 bib 文件中将 所引文献的信息提取出来，按照一定规则生成 bbl 文件，LaTeX 则将 bbl 文件 插入到 \bibliography 命令处，从而生成所引文献列表。
至于所引文献列表的排 版风格则由 bst 文件决定。
1
@inproceedings{guo2011localising,
  title={Localising speech, footsteps and other sounds using resource-constrained devices},
  author={Guo, Yukang and Hazas, Mike},
  booktitle={IEEE/ACM IPSN},
  year={2011},
  pages={330--341},
}

Sequence-Based Localization in Wireless Sensor Networks

2
@inproceedings{sallai2011acoustic,
  title={Acoustic shooter localization with a minimal number of single-channel wireless sensor nodes},
  author={Sallai, J{\'a}nos and L{\'e}deczi, Akos and V{\"o}lgyesi, P{\'e}ter},
  Booktitle = {ACM SenSys},
  pages={96--107},
  year={2011}
}


3
@inproceedings{allen2008voxnet,
  title={Voxnet: An interactive, rapidly-deployable acoustic monitoring platform},
  author={Allen, Michael and Girod, Lewis and Newton, Ryan and Madden, Samuel and Blumstein, Daniel T and Estrin, Deborah},
  booktitle={IEEE/ACM IPSN},
  pages={371--382},
  year={2008}
}

4
@article{yedavalli2008sequence,
  title={Sequence-based localization in wireless sensor networks},
  author={Yedavalli, Kiran and Krishnamachari, Bhaskar},
  journal={IEEE Transactions on Mobile Computing (TMC)},
  volume={7},
  number={1},
  pages={81--94},
  year={2008},
}

5
@inproceedings{Boyd2004,
  title={Convex Optimization},
  author={S. Boyd, and L. Vandenberghe},
  booktitle={Cambridge University Press},
  year={2004},
}

6
@inproceedings{Griva2009,
  title={Linear and Nonlinear Optimization},
  author={I. Griva and S. Nash, and A. Sofer},
  booktitle={SIAM Press},
  year={2009},
}


7
% TOA  2 tier
@inproceedings{wang2003acoustic,
  title={Acoustic target tracking using tiny wireless sensor devices},
  author={Wang, Qixin and Chen, Wei-Peng and Zheng, Rong and Lee, Kihwal and Sha, Lui},
  booktitle={IEEE/ACM IPSN'03},
  year={2003},
  pages={642--657},
}

8
@article{chen2004dynamic,
  title={Dynamic clustering for acoustic target tracking in wireless sensor networks},
  author={Chen, Wei-Peng and Hou, Jennifer C and Sha, Lui},
  journal={IEEE Transactions on Mobile Computing (TMC)},
  year={2004},
    volume={3},
  number={3},
  pages={258--271},
}

9
@article{hu2009design,
  title={Design and evaluation of a hybrid sensor network for cane toad monitoring},
  author={Hu, Wen and Bulusu, Nirupama and Chou, Chun Tung and Jha, Sanjay and Taylor, Andrew and Tran, Van Nghia},
  journal={ACM Transactions on Sensor Networks (TOSN)},
  volume={5},
  number={1},
  pages={4},
  year={2009},
}

10
%energy
booktitle={IEEE International Conference on Acoustics, Speech, and Signal Processing (ICASSP'05)},
@inproceedings{rabbat2005robust,
  title={Robust decentralized source localization via averaging},
  author={Rabbat, Michael and Nowak, Robert and Bucklew, James A},
  booktitle={IEEE ICASSP'05},
  pages={1057--1060},
  year={2005},
}

11
@article{kim2009locating,
  title={Locating acoustic events based on large-scale sensor networks},
  author={Kim, Yungeun and Ahn, Junho and Cha, Hojung},
  journal={Sensors},
  volume={9},
  number={12},
  pages={9925--9944},
  year={2009},
}

12
@article{wang2008lightning,
  title={Lightning: a hard real-time, fast, and lightweight low-end wireless sensor election protocol for acoustic event localization},
  author={Wang, Qixin and Zheng, Rong and Tirumala, Ajay and Liu, Xue and Sha, Lui},
  journal={IEEE Transactions on Mobile Computing (TMC)},
  volume={7},
  number={5},
  pages={570--584},
  year={2008},
}

13
@article{aarabi1900fusion,
  title={The fusion of distributed microphone arrays for sound localization},
  author={Aarabi, Parham},
  journal={EURASIP Journal on Advances in Signal Processing},
  volume={2003},
  number={4},
  pages={338--347},
  year={2003},
}

14
@inproceedings{wu2012fusion,
  title={Fusion of multiple microphone arrays for blind source separation and localization},
  author={Wu, Tao and Sun, Longji and Cheng, Qi and Varshney, Pramod K},
  booktitle={IEEE Sensor Array and Multichannel Signal Processing Workshop (SAM'12)},
  pages={173--176},
  year={2012},
}



15
@article{canclini2013acoustic,
  title={Acoustic source localization with distributed asynchronous microphone networks},
  author={Canclini, Antonio and Antonacci, E and Sarti, Augusto and Tubaro, Stefano},
  journal={IEEE Transactions on Audio, Speech, and Language Processing (TASLP)},
  volume={21},
  number={2},
  pages={439--443},
  year={2013},
}

16
@article{Canclini2015,
  title={A robust and low-complexity source localization algorithm for asynchronous distributed microphone networks},
  author={A. Canclini and P. Bestagini and F. Antonacci and M. Compagnoni and A. Sarti and S. Tubaro},
  journal={IEEE/ACM Transactions on Audio, Speech, and Language Processing (TASLP)},
  volume={23},
  number={10},
  pages={1563--1575},
  year={2015},
}

17
@inproceedings{yedavalli2005ecolocation,
  title={Ecolocation: a sequence based technique for RF localization in wireless sensor networks},
  author={Yedavalli, Kiran and Krishnamachari, Bhaskar and Ravula, Sharmila and Srinivasan, Bhaskar},
  booktitle={IEEE/ACM IPSN},
  pages={38},
  year={2005},
}

18
@article{chakrabarty2002grid,
  title={Grid coverage for surveillance and target location in distributed sensor networks},
  author={Chakrabarty, Krishnendu and Iyengar, S Sitharama and Qi, Hairong and Cho, Eungchun},
  journal={IEEE Transactions on Computers (TOC)},
  volume={51},
  number={12},
  pages={1448--1453},
  year={2002},
}

19
@article{ray2004robust,
  title={Robust location detection with sensor networks},
  author={Ray, Saikat and Starobinski, David and Trachtenberg, Ari and Ungrangsi, Rachanee},
  journal={IEEE Journal on Selected Areas in Communications (JSAC)},
  volume={22},
  number={6},
  pages={1016--1025},
  year={2004},
}


20
@inproceedings{he2003range,
  title={Range-free localization schemes for large scale sensor networks},
  author={He, Tian and Huang, Chengdu and Blum, Brian M and Stankovic, John A and Abdelzaher, Tarek},
  booktitle={ACM MOBICOM },
  pages={81--95},
  year={2003},
}

21
@inproceedings{zhong2009tracking,
  title={Tracking with unreliable node sequences},
  author={Zhong, Ziguo and Zhu, Ting and Wang, Dan and He, Tian},
  booktitle={IEEE INFOCOM},
  pages={1215--1223},
  year={2009},
}


22
@article{zhong2011rsd,
  title={RSD: a metric for achieving range-free localization beyond connectivity},
  author={Zhong, Ziguo and He, Tian},
  journal={IEEE Transactions on Parallel and Distributed Systems (TPDS)},
  volume={22},
  number={11},
  pages={1943--1951},
  year={2011},
}

23
@article{guo2014detecting,
  title={Detecting faulty nodes with data errors for wireless sensor networks},
  author={Guo, Shuo and Zhang, Heng and Zhong, Ziguo and Chen, Jiming and Cao, Qing and He, Tian},
  journal={ACM Transactions on Sensor Networks (TOSN)},
  volume={10},
  number={3},
  pages={40},
  year={2014},
}

24
@article{shu2015toc,
  title={TOC: Localizing wireless rechargeable sensors with time of charge},
  author={Shu, Yuanchao and Cheng, Peng and Gu, Yu and Chen, Jiming and He, Tian},
  journal={ACM Transactions on Sensor Networks (TOSN)},
  volume={11},
  number={3},
  pages={44},
  year={2015},
}

25
@article{zhong2012wireless,
  title={Wireless sensor node localization by multisequence processing},
  author={Zhong, Ziguo and He, Tian},
  journal={ACM Transactions on Embedded Computing Systems (TECS)},
  volume={11},
  number={1},
  pages={3},
  year={2012},
}



26
@inproceedings{yang2013freeloc,
  title={FreeLoc: Calibration-free crowdsourced indoor localization},
  author={Yang, Sungwon and Dessai, Pralav and Verma, Mansi and Gerla, Mario},
  booktitle={IEEE INFOCOM},
  pages={2481--2489},
  year={2013},
}













